@book{antonio,
author = {Andreas Antoniou},
title = {Digital Signal Processing},
publisher = {McGraw-Hill Professional},
year = {2005},
doi = {10.1036/0071454241},
address = {US},
edition   = {},
URL = {https://mhebooklibrary.com/doi/book/10.1036/0071454241},
eprint = {https://mhebooklibrary.com/doi/pdf/10.1036/0071454241},
ISBN   = {0071454241},
pages   = {-1}
}

@misc{genus_user_guide_2019,
	title={{Genus User Guide for Legacy UI}},
	capital={Genus User Guide for Legacy UI},
	note={Version 19.1, November 2019, published by \textit{ Cadence Design Systems, Inc.}}
}

@misc{genus_command_ref_2019,
	title={{Genus Command Reference}},
	capital={Genus Command Reference},
	note={Version 19.1, November 2019, published by \textit{ Cadence Design Systems, Inc.}}
}